<?xml version="1.0" encoding="UTF-8"?><collection xmlns="http://www.loc.gov/MARC21/slim"><record><leader>00402nam--2200157-i-4500</leader><controlfield tag="001">000023581</controlfield><controlfield tag="002">20161230</controlfield><controlfield tag="005">20170105183123</controlfield><controlfield tag="008">060222s1000------------r-----000-0-eng-d</controlfield><datafield ind1=" " ind2=" " tag="100"><subfield code="a">Greub, Werner</subfield></datafield><datafield ind1=" " ind2=" " tag="245"><subfield code="a">Connections, Curvature, and Cohomology</subfield></datafield><datafield ind1=" " ind2=" " tag="260"><subfield code="a">New York</subfield><subfield code="b">Academic Press</subfield><subfield code="c">1973</subfield></datafield><datafield ind1=" " ind2=" " tag="300"><subfield code="a">541 p</subfield></datafield><datafield ind1=" " ind2=" " tag="490"><subfield code="v">vol. 47-II</subfield></datafield><datafield ind1=" " ind2=" " tag="700"><subfield code="a">Halperin, Stephen</subfield></datafield><datafield ind1=" " ind2=" " tag="CAT"><subfield code="a">SYS</subfield><subfield code="c">20170105</subfield><subfield code="h">183123</subfield></datafield></record></collection>